@Book{KS66,
author={Karlin, S.  and Studden, W. J.},
title={Tchebyshev Systems}, 
publisher={NY Interscience}, 
year=1966  }

@Article{IntanagonwiwatEstrin,
author={C. Intanagonwiwat and R. Govindan and D. Estrin and J. Heidemann and F. Silva},
title={Directed diffusion for wireless sensor networking},
journal={IEEE/ACM Transactions on Networking},
Volume=11, 
number=1,
pages={2-16}, 
year={2003}}

@Inproceedings{MinChandrakasan,
author={Min R. and A. P. Chandrakasan}, 
title={Energy-Efficient Communication for Ad-hoc Wireless Sensor Networks},
booktitle={Proceedings of 35th Asilomar Conference on Signals, Systems, and Computers}, 
pages={139-143}, 
month=Nov, 
year=2001}

@MastersThesis{zhang-thesis,
  title		= {Analysis of Handoff Algorithms in Cellular Mobile
		  Systems},
  author	= {Zhang, N.},
  school	= {Rutgers University Dept. of Electrical and Computer Engineering},
  month	= {April},
  year		= {1994}
}

@PhDThesis{	  sampath-phdthesis,
  title		= {Integrated Voice/Data Wireless {CDMA} Systems: Capacity, 
Access Control and Performance Analysis},
  author	= {Sampath, A.},
  school	= {Rutgers University Dept. of Electrical and Computer Engineering},
  month	= {May},
  year		= {1997}
}

@Misc{nsf-freebits,
  title  = {{Free Bits: The Real Challenge of the Wireless Internet}},
  author = {Yates, R. D. and Mandayam, N. B. and Rose, C.},
  howpublished = {NSF grant ITR 00-85986}}

@Misc{FCC02,
  author =	 {FCC Spectrum Policy Task Force},
  howpublished = {ET Docket 02--135},
  month =	 {Nov.},
  year =	 2002
}

@misc{gnuradio,
title={{GNU Radio: the gnu software radio}}, 
howpublished = {\url{www.gnu.org/software/gnuradio}}
}


